@misc{personas,
    author = {Interaction Design Foundation},
    title = {Personas, a simple introduction},
    howpublished = "\url{https://www.interaction-design.org/literature/article/personas-why-and-how-you-should-use-them}"
}

@misc{userjourney,
    author = {Salesforce},
    title = {Why You Need a Customer Journey Map},
    howpublished = "\url{https://www.salesforce.com/ap/blog/2021/04/customer-journey-mapping-explained.html}"
}

@misc{URIRFC,
    author = {RFC-3986},
    title = {Uniform Resource Identifier (URI): Generic Syntax},
    howpublished = "\url{https://www.rfc-editor.org/rfc/rfc3986}"
}

@misc{reduce,
    author = {Martin Fowler},
    title = {reduce},
    howpublished = "\url{https://martinfowler.com/articles/collection-pipeline/reduce.html}"
}

@misc{lsa,
    author = {Thomas K. Landauer, Danielle S. McNamara, Simon Dennis, Walter Kintsch},
    title = {Handbook of Latent Semantic Analysis},
    howpublished = "\url{https://books.google.es/books?id=JbzCzPvzpmQC&lpg=PP1&ots=aON6L5LXHH&dq=latent%20semantic%20analysis&lr&hl=es&pg=PP1#v=onepage&q&f=false}"
}
